%YAML 1.1
%TAG !u! tag:unity3d.com,2011:
--- !u!1 &971922992263498944
GameObject:
  m_ObjectHideFlags: 0
  m_CorrespondingSourceObject: {fileID: 0}
  m_PrefabInstance: {fileID: 0}
  m_PrefabAsset: {fileID: 0}
  serializedVersion: 6
  m_Component:
  - component: {fileID: 6032943075414100867}
  - component: {fileID: 762660593520840410}
  - component: {fileID: 8742028178835790133}
  - component: {fileID: 1286736107199705619}
  m_Layer: 0
  m_Name: RubblePlaceholder
  m_TagString: Untagged
  m_Icon: {fileID: 0}
  m_NavMeshLayer: 0
  m_StaticEditorFlags: 0
  m_IsActive: 1
--- !u!4 &6032943075414100867
Transform:
  m_ObjectHideFlags: 0
  m_CorrespondingSourceObject: {fileID: 0}
  m_PrefabInstance: {fileID: 0}
  m_PrefabAsset: {fileID: 0}
  m_GameObject: {fileID: 971922992263498944}
  m_LocalRotation: {x: 0, y: 0, z: 0, w: 1}
  m_LocalPosition: {x: 0, y: -1, z: 0}
  m_LocalScale: {x: 1, y: 0.1, z: 1}
  m_Children: []
  m_Father: {fileID: 6257457949426698115}
  m_RootOrder: 7
  m_LocalEulerAnglesHint: {x: 0, y: 0, z: 0}
--- !u!33 &762660593520840410
MeshFilter:
  m_ObjectHideFlags: 0
  m_CorrespondingSourceObject: {fileID: 0}
  m_PrefabInstance: {fileID: 0}
  m_PrefabAsset: {fileID: 0}
  m_GameObject: {fileID: 971922992263498944}
  m_Mesh: {fileID: 10206, guid: 0000000000000000e000000000000000, type: 0}
--- !u!23 &8742028178835790133
MeshRenderer:
  m_ObjectHideFlags: 0
  m_CorrespondingSourceObject: {fileID: 0}
  m_PrefabInstance: {fileID: 0}
  m_PrefabAsset: {fileID: 0}
  m_GameObject: {fileID: 971922992263498944}
  m_Enabled: 1
  m_CastShadows: 1
  m_ReceiveShadows: 1
  m_DynamicOccludee: 1
  m_MotionVectors: 1
  m_LightProbeUsage: 1
  m_ReflectionProbeUsage: 1
  m_RayTracingMode: 2
  m_RayTraceProcedural: 0
  m_RenderingLayerMask: 1
  m_RendererPriority: 0
  m_Materials:
  - {fileID: 2100000, guid: 5bb951f1e6a67474c9d07d0f2a9a41ee, type: 2}
  m_StaticBatchInfo:
    firstSubMesh: 0
    subMeshCount: 0
  m_StaticBatchRoot: {fileID: 0}
  m_ProbeAnchor: {fileID: 0}
  m_LightProbeVolumeOverride: {fileID: 0}
  m_ScaleInLightmap: 1
  m_ReceiveGI: 1
  m_PreserveUVs: 0
  m_IgnoreNormalsForChartDetection: 0
  m_ImportantGI: 0
  m_StitchLightmapSeams: 1
  m_SelectedEditorRenderState: 3
  m_MinimumChartSize: 4
  m_AutoUVMaxDistance: 0.5
  m_AutoUVMaxAngle: 89
  m_LightmapParameters: {fileID: 0}
  m_SortingLayerID: 0
  m_SortingLayer: 0
  m_SortingOrder: 0
  m_AdditionalVertexStreams: {fileID: 0}
--- !u!136 &1286736107199705619
CapsuleCollider:
  m_ObjectHideFlags: 0
  m_CorrespondingSourceObject: {fileID: 0}
  m_PrefabInstance: {fileID: 0}
  m_PrefabAsset: {fileID: 0}
  m_GameObject: {fileID: 971922992263498944}
  m_Material: {fileID: 0}
  m_IsTrigger: 0
  m_Enabled: 1
  m_Radius: 0.5000001
  m_Height: 2
  m_Direction: 1
  m_Center: {x: 0.000000059604645, y: 0, z: -0.00000008940697}
--- !u!1 &4693639018565615417
GameObject:
  m_ObjectHideFlags: 0
  m_CorrespondingSourceObject: {fileID: 0}
  m_PrefabInstance: {fileID: 0}
  m_PrefabAsset: {fileID: 0}
  serializedVersion: 6
  m_Component:
  - component: {fileID: 5871380945573898463}
  - component: {fileID: 7577390608326708087}
  - component: {fileID: 463794518837825962}
  m_Layer: 0
  m_Name: Cylinder
  m_TagString: Untagged
  m_Icon: {fileID: 0}
  m_NavMeshLayer: 0
  m_StaticEditorFlags: 0
  m_IsActive: 1
--- !u!4 &5871380945573898463
Transform:
  m_ObjectHideFlags: 0
  m_CorrespondingSourceObject: {fileID: 0}
  m_PrefabInstance: {fileID: 0}
  m_PrefabAsset: {fileID: 0}
  m_GameObject: {fileID: 4693639018565615417}
  m_LocalRotation: {x: 0, y: 0, z: 0, w: 1}
  m_LocalPosition: {x: 0, y: -1, z: 0}
  m_LocalScale: {x: 1.5, y: 0.05, z: 1.5}
  m_Children: []
  m_Father: {fileID: 6257457949426698115}
  m_RootOrder: 6
  m_LocalEulerAnglesHint: {x: 0, y: 0, z: 0}
--- !u!33 &7577390608326708087
MeshFilter:
  m_ObjectHideFlags: 0
  m_CorrespondingSourceObject: {fileID: 0}
  m_PrefabInstance: {fileID: 0}
  m_PrefabAsset: {fileID: 0}
  m_GameObject: {fileID: 4693639018565615417}
  m_Mesh: {fileID: 10206, guid: 0000000000000000e000000000000000, type: 0}
--- !u!23 &463794518837825962
MeshRenderer:
  m_ObjectHideFlags: 0
  m_CorrespondingSourceObject: {fileID: 0}
  m_PrefabInstance: {fileID: 0}
  m_PrefabAsset: {fileID: 0}
  m_GameObject: {fileID: 4693639018565615417}
  m_Enabled: 1
  m_CastShadows: 1
  m_ReceiveShadows: 1
  m_DynamicOccludee: 1
  m_MotionVectors: 1
  m_LightProbeUsage: 1
  m_ReflectionProbeUsage: 1
  m_RayTracingMode: 2
  m_RayTraceProcedural: 0
  m_RenderingLayerMask: 1
  m_RendererPriority: 0
  m_Materials:
  - {fileID: 10303, guid: 0000000000000000f000000000000000, type: 0}
  m_StaticBatchInfo:
    firstSubMesh: 0
    subMeshCount: 0
  m_StaticBatchRoot: {fileID: 0}
  m_ProbeAnchor: {fileID: 0}
  m_LightProbeVolumeOverride: {fileID: 0}
  m_ScaleInLightmap: 1
  m_ReceiveGI: 1
  m_PreserveUVs: 0
  m_IgnoreNormalsForChartDetection: 0
  m_ImportantGI: 0
  m_StitchLightmapSeams: 1
  m_SelectedEditorRenderState: 3
  m_MinimumChartSize: 4
  m_AutoUVMaxDistance: 0.5
  m_AutoUVMaxAngle: 89
  m_LightmapParameters: {fileID: 0}
  m_SortingLayerID: 0
  m_SortingLayer: 0
  m_SortingOrder: 0
  m_AdditionalVertexStreams: {fileID: 0}
--- !u!1 &6257457949426698114
GameObject:
  m_ObjectHideFlags: 0
  m_CorrespondingSourceObject: {fileID: 0}
  m_PrefabInstance: {fileID: 0}
  m_PrefabAsset: {fileID: 0}
  serializedVersion: 6
  m_Component:
  - component: {fileID: 6257457949426698115}
  - component: {fileID: 6257457949426698142}
  - component: {fileID: 6257457949426698113}
  - component: {fileID: 6257457949426698112}
  - component: {fileID: 7855333420250240949}
  - component: {fileID: 8209609299393508163}
  - component: {fileID: 6546655829826830937}
  - component: {fileID: 4028857203784667937}
  m_Layer: 0
  m_Name: Tower
  m_TagString: Untagged
  m_Icon: {fileID: 0}
  m_NavMeshLayer: 0
  m_StaticEditorFlags: 0
  m_IsActive: 1
--- !u!4 &6257457949426698115
Transform:
  m_ObjectHideFlags: 0
  m_CorrespondingSourceObject: {fileID: 0}
  m_PrefabInstance: {fileID: 0}
  m_PrefabAsset: {fileID: 0}
  m_GameObject: {fileID: 6257457949426698114}
  m_LocalRotation: {x: 0, y: 0, z: 0, w: 1}
  m_LocalPosition: {x: 0, y: 0, z: 0}
  m_LocalScale: {x: 1.5, y: 1.5, z: 1.5}
  m_Children:
  - {fileID: 6722464606711722625}
  - {fileID: 2592697538525580029}
  - {fileID: 4055117587718772747}
  - {fileID: 4352661795350882382}
  - {fileID: 986473359009079742}
  - {fileID: 6909558399966227423}
  - {fileID: 5871380945573898463}
  - {fileID: 6032943075414100867}
  m_Father: {fileID: 0}
  m_RootOrder: 0
  m_LocalEulerAnglesHint: {x: 0, y: 0, z: 0}
--- !u!33 &6257457949426698142
MeshFilter:
  m_ObjectHideFlags: 0
  m_CorrespondingSourceObject: {fileID: 0}
  m_PrefabInstance: {fileID: 0}
  m_PrefabAsset: {fileID: 0}
  m_GameObject: {fileID: 6257457949426698114}
  m_Mesh: {fileID: 10206, guid: 0000000000000000e000000000000000, type: 0}
--- !u!23 &6257457949426698113
MeshRenderer:
  m_ObjectHideFlags: 0
  m_CorrespondingSourceObject: {fileID: 0}
  m_PrefabInstance: {fileID: 0}
  m_PrefabAsset: {fileID: 0}
  m_GameObject: {fileID: 6257457949426698114}
  m_Enabled: 0
  m_CastShadows: 1
  m_ReceiveShadows: 1
  m_DynamicOccludee: 1
  m_MotionVectors: 1
  m_LightProbeUsage: 1
  m_ReflectionProbeUsage: 1
  m_RayTracingMode: 2
  m_RayTraceProcedural: 0
  m_RenderingLayerMask: 1
  m_RendererPriority: 0
  m_Materials:
  - {fileID: 2100000, guid: b0608899f0559674a9e5e247e8eaa99a, type: 2}
  m_StaticBatchInfo:
    firstSubMesh: 0
    subMeshCount: 0
  m_StaticBatchRoot: {fileID: 0}
  m_ProbeAnchor: {fileID: 0}
  m_LightProbeVolumeOverride: {fileID: 0}
  m_ScaleInLightmap: 1
  m_ReceiveGI: 1
  m_PreserveUVs: 0
  m_IgnoreNormalsForChartDetection: 0
  m_ImportantGI: 0
  m_StitchLightmapSeams: 1
  m_SelectedEditorRenderState: 3
  m_MinimumChartSize: 4
  m_AutoUVMaxDistance: 0.5
  m_AutoUVMaxAngle: 89
  m_LightmapParameters: {fileID: 0}
  m_SortingLayerID: 0
  m_SortingLayer: 0
  m_SortingOrder: 0
  m_AdditionalVertexStreams: {fileID: 0}
--- !u!136 &6257457949426698112
CapsuleCollider:
  m_ObjectHideFlags: 0
  m_CorrespondingSourceObject: {fileID: 0}
  m_PrefabInstance: {fileID: 0}
  m_PrefabAsset: {fileID: 0}
  m_GameObject: {fileID: 6257457949426698114}
  m_Material: {fileID: 0}
  m_IsTrigger: 1
  m_Enabled: 1
  m_Radius: 0.5000001
  m_Height: 2
  m_Direction: 1
  m_Center: {x: 0.000000059604645, y: 0, z: -0.00000008940697}
--- !u!54 &7855333420250240949
Rigidbody:
  m_ObjectHideFlags: 0
  m_CorrespondingSourceObject: {fileID: 0}
  m_PrefabInstance: {fileID: 0}
  m_PrefabAsset: {fileID: 0}
  m_GameObject: {fileID: 6257457949426698114}
  serializedVersion: 2
  m_Mass: 1
  m_Drag: 0
  m_AngularDrag: 0.05
  m_UseGravity: 0
  m_IsKinematic: 1
  m_Interpolate: 0
  m_Constraints: 0
  m_CollisionDetection: 0
--- !u!114 &8209609299393508163
MonoBehaviour:
  m_ObjectHideFlags: 0
  m_CorrespondingSourceObject: {fileID: 0}
  m_PrefabInstance: {fileID: 0}
  m_PrefabAsset: {fileID: 0}
  m_GameObject: {fileID: 6257457949426698114}
  m_Enabled: 1
  m_EditorHideFlags: 0
  m_Script: {fileID: 11500000, guid: 16bd4101270b11242ac3c50e5cb5616a, type: 3}
  m_Name: 
  m_EditorClassIdentifier: 
  towerModels:
  - {fileID: 6197284443057580091}
  - {fileID: 2932067658518532167}
  brokenTowerModels:
  - {fileID: 3678732099539092145}
  - {fileID: 3975572894611534580}
  destroyedTowerModels:
  - {fileID: 503128720046766852}
  - {fileID: 6100264702871204197}
  rubbleModel: {fileID: 971922992263498944}
  redSoldierPrefab: {fileID: 3216227813615661798, guid: 10401685fc2921a498064489d1fb0fdb, type: 3}
  blueSoldierPrefab: {fileID: 3216227813615661798, guid: 8c5ed4c6575882940a6c09b91d47b91c, type: 3}
  minSoldierSpawnTime: 1
  maxSoldierSpawnTime: 10
  sendDoubleProb: 0.25
  sendEnhancedProb: 0
  startingHP: 2
  spawnSoldierAudioClip: {fileID: 8300000, guid: c837069a6eb2c3d40b35926e79c0d486, type: 3}
  towerDamageAudioClip: {fileID: 8300000, guid: f418d3862580ac140915344fdf59aa6c, type: 3}
  towerDestroyAudioClip: {fileID: 8300000, guid: 819f97871022ddc44a307db9f8e7bd7d, type: 3}
  audioSource: {fileID: 4028857203784667937}
  destroyedShowTime: 1
--- !u!114 &6546655829826830937
MonoBehaviour:
  m_ObjectHideFlags: 0
  m_CorrespondingSourceObject: {fileID: 0}
  m_PrefabInstance: {fileID: 0}
  m_PrefabAsset: {fileID: 0}
  m_GameObject: {fileID: 6257457949426698114}
  m_Enabled: 1
  m_EditorHideFlags: 0
  m_Script: {fileID: 11500000, guid: 6dd743c44a73d8041a9f62239d8e5e60, type: 3}
  m_Name: 
  m_EditorClassIdentifier: 
  myRenderer: {fileID: 463794518837825962}
--- !u!82 &4028857203784667937
AudioSource:
  m_ObjectHideFlags: 0
  m_CorrespondingSourceObject: {fileID: 0}
  m_PrefabInstance: {fileID: 0}
  m_PrefabAsset: {fileID: 0}
  m_GameObject: {fileID: 6257457949426698114}
  m_Enabled: 1
  serializedVersion: 4
  OutputAudioMixerGroup: {fileID: 0}
  m_audioClip: {fileID: 8300000, guid: 13f9831a25d8ad44a80f2c60f1ef6a76, type: 3}
  m_PlayOnAwake: 0
  m_Volume: 0.677
  m_Pitch: 1
  Loop: 0
  Mute: 0
  Spatialize: 0
  SpatializePostEffects: 0
  Priority: 128
  DopplerLevel: 1
  MinDistance: 1
  MaxDistance: 500
  Pan2D: 0
  rolloffMode: 0
  BypassEffects: 0
  BypassListenerEffects: 0
  BypassReverbZones: 0
  rolloffCustomCurve:
    serializedVersion: 2
    m_Curve:
    - serializedVersion: 3
      time: 0
      value: 1
      inSlope: 0
      outSlope: 0
      tangentMode: 0
      weightedMode: 0
      inWeight: 0.33333334
      outWeight: 0.33333334
    - serializedVersion: 3
      time: 1
      value: 0
      inSlope: 0
      outSlope: 0
      tangentMode: 0
      weightedMode: 0
      inWeight: 0.33333334
      outWeight: 0.33333334
    m_PreInfinity: 2
    m_PostInfinity: 2
    m_RotationOrder: 4
  panLevelCustomCurve:
    serializedVersion: 2
    m_Curve:
    - serializedVersion: 3
      time: 0
      value: 0
      inSlope: 0
      outSlope: 0
      tangentMode: 0
      weightedMode: 0
      inWeight: 0.33333334
      outWeight: 0.33333334
    m_PreInfinity: 2
    m_PostInfinity: 2
    m_RotationOrder: 4
  spreadCustomCurve:
    serializedVersion: 2
    m_Curve:
    - serializedVersion: 3
      time: 0
      value: 0
      inSlope: 0
      outSlope: 0
      tangentMode: 0
      weightedMode: 0
      inWeight: 0.33333334
      outWeight: 0.33333334
    m_PreInfinity: 2
    m_PostInfinity: 2
    m_RotationOrder: 4
  reverbZoneMixCustomCurve:
    serializedVersion: 2
    m_Curve:
    - serializedVersion: 3
      time: 0
      value: 1
      inSlope: 0
      outSlope: 0
      tangentMode: 0
      weightedMode: 0
      inWeight: 0.33333334
      outWeight: 0.33333334
    m_PreInfinity: 2
    m_PostInfinity: 2
    m_RotationOrder: 4
--- !u!1001 &736920414242080341
PrefabInstance:
  m_ObjectHideFlags: 0
  serializedVersion: 2
  m_Modification:
    m_TransformParent: {fileID: 6257457949426698115}
    m_Modifications:
    - target: {fileID: -8679921383154817045, guid: dc5fb8a39e1a7434a962c389729f7ac0, type: 3}
      propertyPath: m_RootOrder
      value: 4
      objectReference: {fileID: 0}
    - target: {fileID: -8679921383154817045, guid: dc5fb8a39e1a7434a962c389729f7ac0, type: 3}
      propertyPath: m_LocalScale.x
      value: 20
      objectReference: {fileID: 0}
    - target: {fileID: -8679921383154817045, guid: dc5fb8a39e1a7434a962c389729f7ac0, type: 3}
      propertyPath: m_LocalScale.y
      value: 20
      objectReference: {fileID: 0}
    - target: {fileID: -8679921383154817045, guid: dc5fb8a39e1a7434a962c389729f7ac0, type: 3}
      propertyPath: m_LocalScale.z
      value: 20
      objectReference: {fileID: 0}
    - target: {fileID: -8679921383154817045, guid: dc5fb8a39e1a7434a962c389729f7ac0, type: 3}
      propertyPath: m_LocalPosition.x
      value: -0
      objectReference: {fileID: 0}
    - target: {fileID: -8679921383154817045, guid: dc5fb8a39e1a7434a962c389729f7ac0, type: 3}
      propertyPath: m_LocalPosition.y
      value: -0.3
      objectReference: {fileID: 0}
    - target: {fileID: -8679921383154817045, guid: dc5fb8a39e1a7434a962c389729f7ac0, type: 3}
      propertyPath: m_LocalPosition.z
      value: 0
      objectReference: {fileID: 0}
    - target: {fileID: -8679921383154817045, guid: dc5fb8a39e1a7434a962c389729f7ac0, type: 3}
      propertyPath: m_LocalRotation.w
      value: 0.7071067
      objectReference: {fileID: 0}
    - target: {fileID: -8679921383154817045, guid: dc5fb8a39e1a7434a962c389729f7ac0, type: 3}
      propertyPath: m_LocalRotation.x
      value: -0.7071068
      objectReference: {fileID: 0}
    - target: {fileID: -8679921383154817045, guid: dc5fb8a39e1a7434a962c389729f7ac0, type: 3}
      propertyPath: m_LocalRotation.y
      value: 0
      objectReference: {fileID: 0}
    - target: {fileID: -8679921383154817045, guid: dc5fb8a39e1a7434a962c389729f7ac0, type: 3}
      propertyPath: m_LocalRotation.z
      value: -0
      objectReference: {fileID: 0}
    - target: {fileID: -8679921383154817045, guid: dc5fb8a39e1a7434a962c389729f7ac0, type: 3}
      propertyPath: m_LocalEulerAnglesHint.x
      value: 0
      objectReference: {fileID: 0}
    - target: {fileID: -8679921383154817045, guid: dc5fb8a39e1a7434a962c389729f7ac0, type: 3}
      propertyPath: m_LocalEulerAnglesHint.y
      value: 0
      objectReference: {fileID: 0}
    - target: {fileID: -8679921383154817045, guid: dc5fb8a39e1a7434a962c389729f7ac0, type: 3}
      propertyPath: m_LocalEulerAnglesHint.z
      value: 0
      objectReference: {fileID: 0}
    - target: {fileID: 919132149155446097, guid: dc5fb8a39e1a7434a962c389729f7ac0, type: 3}
      propertyPath: m_Name
      value: Tower 1 Destroyed
      objectReference: {fileID: 0}
    - target: {fileID: 919132149155446097, guid: dc5fb8a39e1a7434a962c389729f7ac0, type: 3}
      propertyPath: m_IsActive
      value: 1
      objectReference: {fileID: 0}
    m_RemovedComponents: []
  m_SourcePrefab: {fileID: 100100000, guid: dc5fb8a39e1a7434a962c389729f7ac0, type: 3}
--- !u!1 &503128720046766852 stripped
GameObject:
  m_CorrespondingSourceObject: {fileID: 919132149155446097, guid: dc5fb8a39e1a7434a962c389729f7ac0, type: 3}
  m_PrefabInstance: {fileID: 736920414242080341}
  m_PrefabAsset: {fileID: 0}
--- !u!4 &986473359009079742 stripped
Transform:
  m_CorrespondingSourceObject: {fileID: -8679921383154817045, guid: dc5fb8a39e1a7434a962c389729f7ac0, type: 3}
  m_PrefabInstance: {fileID: 736920414242080341}
  m_PrefabAsset: {fileID: 0}
--- !u!1001 &2626062378280004886
PrefabInstance:
  m_ObjectHideFlags: 0
  serializedVersion: 2
  m_Modification:
    m_TransformParent: {fileID: 6257457949426698115}
    m_Modifications:
    - target: {fileID: -8679921383154817045, guid: e2e060c831498694a9162e768fc64926, type: 3}
      propertyPath: m_RootOrder
      value: 1
      objectReference: {fileID: 0}
    - target: {fileID: -8679921383154817045, guid: e2e060c831498694a9162e768fc64926, type: 3}
      propertyPath: m_LocalScale.x
      value: 8
      objectReference: {fileID: 0}
    - target: {fileID: -8679921383154817045, guid: e2e060c831498694a9162e768fc64926, type: 3}
      propertyPath: m_LocalScale.y
      value: 8
      objectReference: {fileID: 0}
    - target: {fileID: -8679921383154817045, guid: e2e060c831498694a9162e768fc64926, type: 3}
      propertyPath: m_LocalScale.z
      value: 8
      objectReference: {fileID: 0}
    - target: {fileID: -8679921383154817045, guid: e2e060c831498694a9162e768fc64926, type: 3}
      propertyPath: m_LocalPosition.x
      value: 0
      objectReference: {fileID: 0}
    - target: {fileID: -8679921383154817045, guid: e2e060c831498694a9162e768fc64926, type: 3}
      propertyPath: m_LocalPosition.y
      value: 0.787
      objectReference: {fileID: 0}
    - target: {fileID: -8679921383154817045, guid: e2e060c831498694a9162e768fc64926, type: 3}
      propertyPath: m_LocalPosition.z
      value: 0
      objectReference: {fileID: 0}
    - target: {fileID: -8679921383154817045, guid: e2e060c831498694a9162e768fc64926, type: 3}
      propertyPath: m_LocalRotation.w
      value: 0.7071067
      objectReference: {fileID: 0}
    - target: {fileID: -8679921383154817045, guid: e2e060c831498694a9162e768fc64926, type: 3}
      propertyPath: m_LocalRotation.x
      value: -0.7071068
      objectReference: {fileID: 0}
    - target: {fileID: -8679921383154817045, guid: e2e060c831498694a9162e768fc64926, type: 3}
      propertyPath: m_LocalRotation.y
      value: 0
      objectReference: {fileID: 0}
    - target: {fileID: -8679921383154817045, guid: e2e060c831498694a9162e768fc64926, type: 3}
      propertyPath: m_LocalRotation.z
      value: -0
      objectReference: {fileID: 0}
    - target: {fileID: -8679921383154817045, guid: e2e060c831498694a9162e768fc64926, type: 3}
      propertyPath: m_LocalEulerAnglesHint.x
      value: 0
      objectReference: {fileID: 0}
    - target: {fileID: -8679921383154817045, guid: e2e060c831498694a9162e768fc64926, type: 3}
      propertyPath: m_LocalEulerAnglesHint.y
      value: 0
      objectReference: {fileID: 0}
    - target: {fileID: -8679921383154817045, guid: e2e060c831498694a9162e768fc64926, type: 3}
      propertyPath: m_LocalEulerAnglesHint.z
      value: 0
      objectReference: {fileID: 0}
    - target: {fileID: 919132149155446097, guid: e2e060c831498694a9162e768fc64926, type: 3}
      propertyPath: m_Name
      value: Blue Tower V3
      objectReference: {fileID: 0}
    m_RemovedComponents: []
  m_SourcePrefab: {fileID: 100100000, guid: e2e060c831498694a9162e768fc64926, type: 3}
--- !u!4 &2592697538525580029 stripped
Transform:
  m_CorrespondingSourceObject: {fileID: -8679921383154817045, guid: e2e060c831498694a9162e768fc64926, type: 3}
  m_PrefabInstance: {fileID: 2626062378280004886}
  m_PrefabAsset: {fileID: 0}
--- !u!1 &2932067658518532167 stripped
GameObject:
  m_CorrespondingSourceObject: {fileID: 919132149155446097, guid: e2e060c831498694a9162e768fc64926, type: 3}
  m_PrefabInstance: {fileID: 2626062378280004886}
  m_PrefabAsset: {fileID: 0}
--- !u!1001 &4318243588160933797
PrefabInstance:
  m_ObjectHideFlags: 0
  serializedVersion: 2
  m_Modification:
    m_TransformParent: {fileID: 6257457949426698115}
    m_Modifications:
    - target: {fileID: -8679921383154817045, guid: c0cb6d1a030f69c4e8d28e0bab0aa63d, type: 3}
      propertyPath: m_RootOrder
      value: 3
      objectReference: {fileID: 0}
    - target: {fileID: -8679921383154817045, guid: c0cb6d1a030f69c4e8d28e0bab0aa63d, type: 3}
      propertyPath: m_LocalScale.x
      value: 25
      objectReference: {fileID: 0}
    - target: {fileID: -8679921383154817045, guid: c0cb6d1a030f69c4e8d28e0bab0aa63d, type: 3}
      propertyPath: m_LocalScale.y
      value: 25
      objectReference: {fileID: 0}
    - target: {fileID: -8679921383154817045, guid: c0cb6d1a030f69c4e8d28e0bab0aa63d, type: 3}
      propertyPath: m_LocalScale.z
      value: 25
      objectReference: {fileID: 0}
    - target: {fileID: -8679921383154817045, guid: c0cb6d1a030f69c4e8d28e0bab0aa63d, type: 3}
      propertyPath: m_LocalPosition.x
      value: -0
      objectReference: {fileID: 0}
    - target: {fileID: -8679921383154817045, guid: c0cb6d1a030f69c4e8d28e0bab0aa63d, type: 3}
      propertyPath: m_LocalPosition.y
      value: -0.699
      objectReference: {fileID: 0}
    - target: {fileID: -8679921383154817045, guid: c0cb6d1a030f69c4e8d28e0bab0aa63d, type: 3}
      propertyPath: m_LocalPosition.z
      value: 0
      objectReference: {fileID: 0}
    - target: {fileID: -8679921383154817045, guid: c0cb6d1a030f69c4e8d28e0bab0aa63d, type: 3}
      propertyPath: m_LocalRotation.w
      value: 0.7071067
      objectReference: {fileID: 0}
    - target: {fileID: -8679921383154817045, guid: c0cb6d1a030f69c4e8d28e0bab0aa63d, type: 3}
      propertyPath: m_LocalRotation.x
      value: -0.7071068
      objectReference: {fileID: 0}
    - target: {fileID: -8679921383154817045, guid: c0cb6d1a030f69c4e8d28e0bab0aa63d, type: 3}
      propertyPath: m_LocalRotation.y
      value: 0
      objectReference: {fileID: 0}
    - target: {fileID: -8679921383154817045, guid: c0cb6d1a030f69c4e8d28e0bab0aa63d, type: 3}
      propertyPath: m_LocalRotation.z
      value: -0
      objectReference: {fileID: 0}
    - target: {fileID: -8679921383154817045, guid: c0cb6d1a030f69c4e8d28e0bab0aa63d, type: 3}
      propertyPath: m_LocalEulerAnglesHint.x
      value: 0
      objectReference: {fileID: 0}
    - target: {fileID: -8679921383154817045, guid: c0cb6d1a030f69c4e8d28e0bab0aa63d, type: 3}
      propertyPath: m_LocalEulerAnglesHint.y
      value: 0
      objectReference: {fileID: 0}
    - target: {fileID: -8679921383154817045, guid: c0cb6d1a030f69c4e8d28e0bab0aa63d, type: 3}
      propertyPath: m_LocalEulerAnglesHint.z
      value: 0
      objectReference: {fileID: 0}
    - target: {fileID: 919132149155446097, guid: c0cb6d1a030f69c4e8d28e0bab0aa63d, type: 3}
      propertyPath: m_Name
      value: Blue Tower Broken V3
      objectReference: {fileID: 0}
    m_RemovedComponents: []
  m_SourcePrefab: {fileID: 100100000, guid: c0cb6d1a030f69c4e8d28e0bab0aa63d, type: 3}
--- !u!4 &4352661795350882382 stripped
Transform:
  m_CorrespondingSourceObject: {fileID: -8679921383154817045, guid: c0cb6d1a030f69c4e8d28e0bab0aa63d, type: 3}
  m_PrefabInstance: {fileID: 4318243588160933797}
  m_PrefabAsset: {fileID: 0}
--- !u!1 &3975572894611534580 stripped
GameObject:
  m_CorrespondingSourceObject: {fileID: 919132149155446097, guid: c0cb6d1a030f69c4e8d28e0bab0aa63d, type: 3}
  m_PrefabInstance: {fileID: 4318243588160933797}
  m_PrefabAsset: {fileID: 0}
--- !u!1001 &4597069709808500704
PrefabInstance:
  m_ObjectHideFlags: 0
  serializedVersion: 2
  m_Modification:
    m_TransformParent: {fileID: 6257457949426698115}
    m_Modifications:
    - target: {fileID: -8679921383154817045, guid: aea026b7a3971cd4a9912d253b794bf1, type: 3}
      propertyPath: m_RootOrder
      value: 2
      objectReference: {fileID: 0}
    - target: {fileID: -8679921383154817045, guid: aea026b7a3971cd4a9912d253b794bf1, type: 3}
      propertyPath: m_LocalScale.x
      value: 20
      objectReference: {fileID: 0}
    - target: {fileID: -8679921383154817045, guid: aea026b7a3971cd4a9912d253b794bf1, type: 3}
      propertyPath: m_LocalScale.y
      value: 20
      objectReference: {fileID: 0}
    - target: {fileID: -8679921383154817045, guid: aea026b7a3971cd4a9912d253b794bf1, type: 3}
      propertyPath: m_LocalScale.z
      value: 20
      objectReference: {fileID: 0}
    - target: {fileID: -8679921383154817045, guid: aea026b7a3971cd4a9912d253b794bf1, type: 3}
      propertyPath: m_LocalPosition.x
      value: -0
      objectReference: {fileID: 0}
    - target: {fileID: -8679921383154817045, guid: aea026b7a3971cd4a9912d253b794bf1, type: 3}
      propertyPath: m_LocalPosition.y
      value: -0.344
      objectReference: {fileID: 0}
    - target: {fileID: -8679921383154817045, guid: aea026b7a3971cd4a9912d253b794bf1, type: 3}
      propertyPath: m_LocalPosition.z
      value: 0
      objectReference: {fileID: 0}
    - target: {fileID: -8679921383154817045, guid: aea026b7a3971cd4a9912d253b794bf1, type: 3}
      propertyPath: m_LocalRotation.w
      value: 0.7071067
      objectReference: {fileID: 0}
    - target: {fileID: -8679921383154817045, guid: aea026b7a3971cd4a9912d253b794bf1, type: 3}
      propertyPath: m_LocalRotation.x
      value: -0.7071068
      objectReference: {fileID: 0}
    - target: {fileID: -8679921383154817045, guid: aea026b7a3971cd4a9912d253b794bf1, type: 3}
      propertyPath: m_LocalRotation.y
      value: 0
      objectReference: {fileID: 0}
    - target: {fileID: -8679921383154817045, guid: aea026b7a3971cd4a9912d253b794bf1, type: 3}
      propertyPath: m_LocalRotation.z
      value: -0
      objectReference: {fileID: 0}
    - target: {fileID: -8679921383154817045, guid: aea026b7a3971cd4a9912d253b794bf1, type: 3}
      propertyPath: m_LocalEulerAnglesHint.x
      value: 0
      objectReference: {fileID: 0}
    - target: {fileID: -8679921383154817045, guid: aea026b7a3971cd4a9912d253b794bf1, type: 3}
      propertyPath: m_LocalEulerAnglesHint.y
      value: 0
      objectReference: {fileID: 0}
    - target: {fileID: -8679921383154817045, guid: aea026b7a3971cd4a9912d253b794bf1, type: 3}
      propertyPath: m_LocalEulerAnglesHint.z
      value: 0
      objectReference: {fileID: 0}
    - target: {fileID: 919132149155446097, guid: aea026b7a3971cd4a9912d253b794bf1, type: 3}
      propertyPath: m_Name
      value: Red Tower Broken V3
      objectReference: {fileID: 0}
    m_RemovedComponents: []
  m_SourcePrefab: {fileID: 100100000, guid: aea026b7a3971cd4a9912d253b794bf1, type: 3}
--- !u!4 &4055117587718772747 stripped
Transform:
  m_CorrespondingSourceObject: {fileID: -8679921383154817045, guid: aea026b7a3971cd4a9912d253b794bf1, type: 3}
  m_PrefabInstance: {fileID: 4597069709808500704}
  m_PrefabAsset: {fileID: 0}
--- !u!1 &3678732099539092145 stripped
GameObject:
  m_CorrespondingSourceObject: {fileID: 919132149155446097, guid: aea026b7a3971cd4a9912d253b794bf1, type: 3}
  m_PrefabInstance: {fileID: 4597069709808500704}
  m_PrefabAsset: {fileID: 0}
--- !u!1001 &6370649247845502004
PrefabInstance:
  m_ObjectHideFlags: 0
  serializedVersion: 2
  m_Modification:
    m_TransformParent: {fileID: 6257457949426698115}
    m_Modifications:
    - target: {fileID: -8679921383154817045, guid: 4a67c95eca719d64fbcb73608510d35c, type: 3}
      propertyPath: m_RootOrder
      value: 5
      objectReference: {fileID: 0}
    - target: {fileID: -8679921383154817045, guid: 4a67c95eca719d64fbcb73608510d35c, type: 3}
      propertyPath: m_LocalScale.x
      value: 20
      objectReference: {fileID: 0}
    - target: {fileID: -8679921383154817045, guid: 4a67c95eca719d64fbcb73608510d35c, type: 3}
      propertyPath: m_LocalScale.y
      value: 20
      objectReference: {fileID: 0}
    - target: {fileID: -8679921383154817045, guid: 4a67c95eca719d64fbcb73608510d35c, type: 3}
      propertyPath: m_LocalScale.z
      value: 20
      objectReference: {fileID: 0}
    - target: {fileID: -8679921383154817045, guid: 4a67c95eca719d64fbcb73608510d35c, type: 3}
      propertyPath: m_LocalPosition.x
      value: -0
      objectReference: {fileID: 0}
    - target: {fileID: -8679921383154817045, guid: 4a67c95eca719d64fbcb73608510d35c, type: 3}
      propertyPath: m_LocalPosition.y
      value: -0.62
      objectReference: {fileID: 0}
    - target: {fileID: -8679921383154817045, guid: 4a67c95eca719d64fbcb73608510d35c, type: 3}
      propertyPath: m_LocalPosition.z
      value: 0
      objectReference: {fileID: 0}
    - target: {fileID: -8679921383154817045, guid: 4a67c95eca719d64fbcb73608510d35c, type: 3}
      propertyPath: m_LocalRotation.w
      value: 0.7071067
      objectReference: {fileID: 0}
    - target: {fileID: -8679921383154817045, guid: 4a67c95eca719d64fbcb73608510d35c, type: 3}
      propertyPath: m_LocalRotation.x
      value: -0.7071068
      objectReference: {fileID: 0}
    - target: {fileID: -8679921383154817045, guid: 4a67c95eca719d64fbcb73608510d35c, type: 3}
      propertyPath: m_LocalRotation.y
      value: 0
      objectReference: {fileID: 0}
    - target: {fileID: -8679921383154817045, guid: 4a67c95eca719d64fbcb73608510d35c, type: 3}
      propertyPath: m_LocalRotation.z
      value: -0
      objectReference: {fileID: 0}
    - target: {fileID: -8679921383154817045, guid: 4a67c95eca719d64fbcb73608510d35c, type: 3}
      propertyPath: m_LocalEulerAnglesHint.x
      value: 0
      objectReference: {fileID: 0}
    - target: {fileID: -8679921383154817045, guid: 4a67c95eca719d64fbcb73608510d35c, type: 3}
      propertyPath: m_LocalEulerAnglesHint.y
      value: 0
      objectReference: {fileID: 0}
    - target: {fileID: -8679921383154817045, guid: 4a67c95eca719d64fbcb73608510d35c, type: 3}
      propertyPath: m_LocalEulerAnglesHint.z
      value: 0
      objectReference: {fileID: 0}
    - target: {fileID: 919132149155446097, guid: 4a67c95eca719d64fbcb73608510d35c, type: 3}
      propertyPath: m_Name
      value: Tower 2 Destroyed
      objectReference: {fileID: 0}
    - target: {fileID: 919132149155446097, guid: 4a67c95eca719d64fbcb73608510d35c, type: 3}
      propertyPath: m_IsActive
      value: 1
      objectReference: {fileID: 0}
    m_RemovedComponents: []
  m_SourcePrefab: {fileID: 100100000, guid: 4a67c95eca719d64fbcb73608510d35c, type: 3}
--- !u!1 &6100264702871204197 stripped
GameObject:
  m_CorrespondingSourceObject: {fileID: 919132149155446097, guid: 4a67c95eca719d64fbcb73608510d35c, type: 3}
  m_PrefabInstance: {fileID: 6370649247845502004}
  m_PrefabAsset: {fileID: 0}
--- !u!4 &6909558399966227423 stripped
Transform:
  m_CorrespondingSourceObject: {fileID: -8679921383154817045, guid: 4a67c95eca719d64fbcb73608510d35c, type: 3}
  m_PrefabInstance: {fileID: 6370649247845502004}
  m_PrefabAsset: {fileID: 0}
--- !u!1001 &6539302027775530346
PrefabInstance:
  m_ObjectHideFlags: 0
  serializedVersion: 2
  m_Modification:
    m_TransformParent: {fileID: 6257457949426698115}
    m_Modifications:
    - target: {fileID: -8679921383154817045, guid: 9e25590397bdf0841bcfe6d7e7bf78a5, type: 3}
      propertyPath: m_RootOrder
      value: 0
      objectReference: {fileID: 0}
    - target: {fileID: -8679921383154817045, guid: 9e25590397bdf0841bcfe6d7e7bf78a5, type: 3}
      propertyPath: m_LocalScale.x
      value: 20
      objectReference: {fileID: 0}
    - target: {fileID: -8679921383154817045, guid: 9e25590397bdf0841bcfe6d7e7bf78a5, type: 3}
      propertyPath: m_LocalScale.y
      value: 20
      objectReference: {fileID: 0}
    - target: {fileID: -8679921383154817045, guid: 9e25590397bdf0841bcfe6d7e7bf78a5, type: 3}
      propertyPath: m_LocalScale.z
      value: 20
      objectReference: {fileID: 0}
    - target: {fileID: -8679921383154817045, guid: 9e25590397bdf0841bcfe6d7e7bf78a5, type: 3}
      propertyPath: m_LocalPosition.x
      value: -0
      objectReference: {fileID: 0}
    - target: {fileID: -8679921383154817045, guid: 9e25590397bdf0841bcfe6d7e7bf78a5, type: 3}
      propertyPath: m_LocalPosition.y
      value: -0.33
      objectReference: {fileID: 0}
    - target: {fileID: -8679921383154817045, guid: 9e25590397bdf0841bcfe6d7e7bf78a5, type: 3}
      propertyPath: m_LocalPosition.z
      value: 0
      objectReference: {fileID: 0}
    - target: {fileID: -8679921383154817045, guid: 9e25590397bdf0841bcfe6d7e7bf78a5, type: 3}
      propertyPath: m_LocalRotation.w
      value: 0.7071067
      objectReference: {fileID: 0}
    - target: {fileID: -8679921383154817045, guid: 9e25590397bdf0841bcfe6d7e7bf78a5, type: 3}
      propertyPath: m_LocalRotation.x
      value: -0.7071068
      objectReference: {fileID: 0}
    - target: {fileID: -8679921383154817045, guid: 9e25590397bdf0841bcfe6d7e7bf78a5, type: 3}
      propertyPath: m_LocalRotation.y
      value: 0
      objectReference: {fileID: 0}
    - target: {fileID: -8679921383154817045, guid: 9e25590397bdf0841bcfe6d7e7bf78a5, type: 3}
      propertyPath: m_LocalRotation.z
      value: -0
      objectReference: {fileID: 0}
    - target: {fileID: -8679921383154817045, guid: 9e25590397bdf0841bcfe6d7e7bf78a5, type: 3}
      propertyPath: m_LocalEulerAnglesHint.x
      value: 0
      objectReference: {fileID: 0}
    - target: {fileID: -8679921383154817045, guid: 9e25590397bdf0841bcfe6d7e7bf78a5, type: 3}
      propertyPath: m_LocalEulerAnglesHint.y
      value: 0
      objectReference: {fileID: 0}
    - target: {fileID: -8679921383154817045, guid: 9e25590397bdf0841bcfe6d7e7bf78a5, type: 3}
      propertyPath: m_LocalEulerAnglesHint.z
      value: 0
      objectReference: {fileID: 0}
    - target: {fileID: 919132149155446097, guid: 9e25590397bdf0841bcfe6d7e7bf78a5, type: 3}
      propertyPath: m_Name
      value: Red Tower V3
      objectReference: {fileID: 0}
    m_RemovedComponents: []
  m_SourcePrefab: {fileID: 100100000, guid: 9e25590397bdf0841bcfe6d7e7bf78a5, type: 3}
--- !u!4 &6722464606711722625 stripped
Transform:
  m_CorrespondingSourceObject: {fileID: -8679921383154817045, guid: 9e25590397bdf0841bcfe6d7e7bf78a5, type: 3}
  m_PrefabInstance: {fileID: 6539302027775530346}
  m_PrefabAsset: {fileID: 0}
--- !u!1 &6197284443057580091 stripped
GameObject:
  m_CorrespondingSourceObject: {fileID: 919132149155446097, guid: 9e25590397bdf0841bcfe6d7e7bf78a5, type: 3}
  m_PrefabInstance: {fileID: 6539302027775530346}
  m_PrefabAsset: {fileID: 0}
